<record><leader>00000cas a2200000 a 4500</leader><controlfield tag="001">823517830</controlfield><controlfield tag="006">m     o  d        </controlfield><controlfield tag="007">cr |||||||||||</controlfield><controlfield tag="008">130107d19031905azuwr neo     0   a0eng  </controlfield><datafield ind1=" " ind2=" " tag="010"><subfield code="a">  2013218506</subfield></datafield><datafield ind1=" " ind2=" " tag="040"><subfield code="a">DLC</subfield><subfield code="b">eng</subfield><subfield code="c">DLC</subfield><subfield code="d">DLC</subfield><subfield code="d">OCLCO</subfield><subfield code="d">OCLCA</subfield><subfield code="d">OCLCF</subfield><subfield code="d">OCLCQ</subfield></datafield><datafield ind1="0" ind2=" " tag="022"><subfield code="a">2326-0785</subfield><subfield code="2">1</subfield></datafield><datafield ind1=" " ind2=" " tag="042"><subfield code="a">msc</subfield><subfield code="a">nsdp</subfield></datafield><datafield ind1=" " ind2=" " tag="043"><subfield code="a">n-us-az</subfield></datafield><datafield ind1="1" ind2="0" tag="050"><subfield code="a">ISSN RECORD</subfield></datafield><datafield ind1="0" ind2="0" tag="082"><subfield code="a">071</subfield><subfield code="2">23</subfield></datafield><datafield ind1=" " ind2="0" tag="222"><subfield code="a">Snips and the St. Johns herald</subfield><subfield code="b">(Online)</subfield></datafield><datafield ind1="0" ind2="0" tag="245"><subfield code="a">Snips and the St. Johns herald.</subfield></datafield><datafield ind1="1" ind2="0" tag="246"><subfield code="a">Snips and Saint Johns herald</subfield></datafield><datafield ind1="1" ind2="3" tag="246"><subfield code="a">Snips &amp; herald</subfield></datafield><datafield ind1="1" ind2="3" tag="246"><subfield code="a">Snips and herald</subfield></datafield><datafield ind1="1" ind2="3" tag="246"><subfield code="a">Snips-herald</subfield></datafield><datafield ind1=" " ind2=" " tag="260"><subfield code="a">St. Johns, Ariz. :</subfield><subfield code="b">E.S. Perkins</subfield></datafield><datafield ind1=" " ind2=" " tag="300"><subfield code="a">volumes</subfield></datafield><datafield ind1=" " ind2=" " tag="310"><subfield code="a">Weekly</subfield></datafield><datafield ind1=" " ind2=" " tag="336"><subfield code="a">text</subfield><subfield code="b">txt</subfield><subfield code="2">rdacontent</subfield></datafield><datafield ind1=" " ind2=" " tag="337"><subfield code="a">computer</subfield><subfield code="b">c</subfield><subfield code="2">rdamedia</subfield></datafield><datafield ind1=" " ind2=" " tag="338"><subfield code="a">online resource</subfield><subfield code="b">cr</subfield><subfield code="2">rdacarrier</subfield></datafield><datafield ind1="1" ind2=" " tag="362"><subfield code="a">Began 1903; ceased 1905.</subfield></datafield><datafield ind1=" " ind2=" " tag="530"><subfield code="a">Also issued in print.</subfield></datafield><datafield ind1=" " ind2=" " tag="538"><subfield code="a">Mode of access: World Wide Web.</subfield></datafield><datafield ind1=" " ind2=" " tag="580"><subfield code="a">Formed by the union of: Snips, and: St. Johns herald (St. Johns Ariz.: 1885).</subfield></datafield><datafield ind1=" " ind2=" " tag="580"><subfield code="a">Merged with: Apache news, to become: St. Johns herald and Apache news.</subfield></datafield><datafield ind1=" " ind2=" " tag="588"><subfield code="a">Description based on: Vol. 2, no. 6 (Mar. 19, 1903); title from masthead.</subfield></datafield><datafield ind1=" " ind2=" " tag="588"><subfield code="a">Latest issue consulted: Vol. 3, no. 1 (Dec. 31, 1904) (Chroniclingamerica.loc.gov, viewed Jan. 7, 2013).</subfield></datafield><datafield ind1=" " ind2="0" tag="651"><subfield code="a">Saint Johns (Ariz.)</subfield><subfield code="v">Newspapers.</subfield></datafield><datafield ind1=" " ind2="0" tag="651"><subfield code="a">Apache County (Ariz.)</subfield><subfield code="v">Newspapers.</subfield></datafield><datafield ind1=" " ind2="7" tag="651"><subfield code="a">Arizona</subfield><subfield code="z">Apache County.</subfield><subfield code="2">fast</subfield><subfield code="0">(OCoLC)fst01217372</subfield></datafield><datafield ind1=" " ind2="7" tag="651"><subfield code="a">Arizona</subfield><subfield code="z">Saint Johns.</subfield><subfield code="2">fast</subfield><subfield code="0">(OCoLC)fst01226551</subfield></datafield><datafield ind1=" " ind2="7" tag="655"><subfield code="a">Newspapers.</subfield><subfield code="2">fast</subfield><subfield code="0">(OCoLC)fst01423814</subfield></datafield><datafield ind1="1" ind2=" " tag="700"><subfield code="a">Perkins, Eli S.,</subfield><subfield code="d">1873-</subfield></datafield><datafield ind1="1" ind2=" " tag="700"><subfield code="a">Henning, Lloyd C.,</subfield><subfield code="d">1885-</subfield></datafield><datafield ind1=" " ind2=" " tag="752"><subfield code="a">United States</subfield><subfield code="b">Arizona</subfield><subfield code="c">Apache</subfield><subfield code="d">Saint Johns.</subfield></datafield><datafield ind1="1" ind2=" " tag="776"><subfield code="t">Snips and the St. Johns herald</subfield><subfield code="x">2326-0777</subfield><subfield code="w">(DLC)sn 95060581</subfield><subfield code="w">(OCoLC)30523691</subfield></datafield><datafield ind1="1" ind2="4" tag="780"><subfield code="t">Snips (St. Johns, Ariz. : Online)</subfield><subfield code="x">2326-0742</subfield><subfield code="w">(DLC)  2013218505</subfield><subfield code="w">(OCoLC)823515732</subfield></datafield><datafield ind1="1" ind2="4" tag="780"><subfield code="t">St. Johns herald (St. Johns, Ariz. : 1885 : Online)</subfield><subfield code="w">(OCoLC)778033319</subfield></datafield><datafield ind1="1" ind2="7" tag="785"><subfield code="t">Apache news (Online)</subfield></datafield><datafield ind1="1" ind2="7" tag="785"><subfield code="t">St. Johns herald and Apache news (Online)</subfield><subfield code="x">2326-0874</subfield><subfield code="w">(DLC)  2013218507</subfield><subfield code="w">(OCoLC)823518489</subfield></datafield><datafield ind1="4" ind2="0" tag="856"><subfield code="u">http://www.loc.gov/chroniclingamerica/lccn/sn95060581/issues</subfield></datafield><datafield ind1="1" ind2=" " tag="029"><subfield code="a">NZ1</subfield><subfield code="b">14842328</subfield></datafield><datafield ind1="1" ind2=" " tag="029"><subfield code="a">NZ1</subfield><subfield code="b">16245498</subfield></datafield></record>